@online{GPSInfo,
	author={Dr. Anja Köhne und Dr. Michael Wössner (GPS-System)},
	url={http://www.kowoma.de/gps/Signale.htm}
}

@online{RadarInfo,
	author={ Christian Wolff (Radartechnologie)},
	url={http://www.radartutorial.eu/07.waves/wa04.de.html}
}


@online{ImgPiezoAnimation,
	author={Pro-Wave Electronic Corp},
	url={http://www.prowave.com.tw/english/products/ut/open.htm}
}

@online{ImgPiezo,
	author={Pro-Wave Electronic Corp},
	url={http://www.prowave.com.tw/english/products/ut/open-type/400s120.htm}
}

@online{ImgPiezoData,
	author={Pro-Wave Electronic Corp},
	url={http://www.prowave.com.tw/pdf/T400S12.PDF}
}

@online{ImgRadar,
	author={Bundesministerium für Landesverteidigung und Sport Österreich},
	url={http://www.bmlv.gv.at/waffen/waf_radar_1.shtml}
}

@online{ImgMultiplex,
	author={WCDMA Blog (Besitzer: Islander)},
	url={http://wcdma3g.blogspot.co.at/2008_07_27_archive.html}
}

@online{ImgGoldCode,
	author={Wikimedia (Benutzer: Wdwd)},
	url={http://commons.wikimedia.org/wiki/File:LFSR-GPS-CA-Goldcode.svg}
}

@online{ImgPosition,
	author={Wikimedia (Benutzer: Jleedev)},
	url={http://commons.wikimedia.org/wiki/File:Trilateration.png}
}

%@manual{AVR493,
%    author={Atmel Corporation},
%    title={AVR493: Sensorless Commutation of Brushless DC Motor (BLDC) using AT90PWM3 and ATAVRMC100},
%    year={2006},
%    month={12},
%    version={1.5a},
%    url={www.atmel.com/Images/doc7658.pdf‎},
%    hyphenation={english}
%}
%
%@manual{AVR928,
%	author={Atmel Corporation},
%	title={AVR928: Scalar sensorless methods to drive BLDC motors},
%	year={2010},
%	month={5},
%	url={http://www.atmel.com/Images/Atmel-8305-AVR928-Scalar-Sensorless-Methods-to-Drive-BLDC-Motors_Application-Note.pdf},
%	hyphenation={english},
%	keywords={DirectBackEmf} 
%}
%
%@thesis{DirectBackEmf,
%		author={Jianwen Shao},
%		title={Direct Back EMF Detection Method for Sensorless Brushless DC (BLDC) Motor Drives},
%		type={Master thesis},
%		year={2003},
%		month={9},
%		institution={Faculty of the Virginia Polytechnic Institute and the State University},
%		address={Blacksburg, Virginia},
%		url={http://scholar.lib.vt.edu/theses/available/etd-09152003-171904/unrestricted/T.pdf},
%	  hyphenation={english},
%	  keywords={DirectBackEmf} 
%}
%
@article{TDOF,
    author={Ajay Mahajan and Maurice Walworth},
    title={3-D Position Sensing Using the Differences in the Time-of-Flights from a Wave Source to Various Receivers},
    journal={IEEE TRANSACTIONS ON ROBOTICS AND AUTOMATION},
    volume={17},
    issue={February},
    year={2001},
    pages={91-94},
    hyphenation={english}
}

@article{PositionA,
    author={Jinhong Xiao},
    title={Indoor Ultrasonic Positioning System Based on CDMA-TDOA and Its Ultrasonic Signal Analysis},
    journal={Advanced Materials Research},
    volume={},
    issue={February},
    year={2012},
    pages={1017-1022},
    hyphenation={english}
}

@article{PositionB,
    author={J. Manuel Villadangos},
    title={Improvement of Ultrasonic Beacon-based Local Position System Using Multi-Access Techniques},
    journal={Electronics Dept., University of Alcala. Polytechnics School},
    volume={},
	issue={September},
    year={2005},
	pages={},
    hyphenation={english}
}

@article{BPSK,
    author={Nehal.A.Ranabhatt, Sudhir Agarwal, Priyesh.P.Gandhi},
    title={Design and Simulation of BPSK Demodulation at Low Bit Rate},
    journal={International Journal of Engineering Research and Development},
    volume={6},
    issue={April},
    year={2013},
    pages={28-31},
    hyphenation={english}
}