% This file was created with JabRef 2.10.
% Encoding: UTF8


@Article{ClassificationMedicine,
  Title                    = {Application of artificial neural networks to clinical medicine},
  Author                   = {W.G Baxt},
  Journal                  = {The Lancet},
  Year                     = {1995},
  Pages                    = {1135 - 1138},
  Volume                   = {346},

  Owner                    = {kjartan},
  Timestamp                = {2014.06.25}
}

@Article{preunsupervised,
  Title                    = {Why Does Unsupervised Pre-training Help Deep Learning?},
  Author                   = {Dumitru Erhan; Yoshua Bengio; Aaron Courville; Pierre-Antoine Manzagol; Pascal Vincent; Samy Bengio},
  Journal                  = {Journal of Machine Learning Research 11},
  Year                     = {2010},
  Pages                    = {625-660},

  Owner                    = {kjartan},
  Timestamp                = {2014.06.25}
}

@Article{AutoencoderBenchmark,
  Title                    = {Domain Adaptation for Large-Scale Sentiment Classication: A Deep Learning Approach},
  Author                   = {Xavier Glorot; Antoine Bordes; Yoshua Bengio},
  Journal                  = {Proceedings of the 28 th International Conference on Machine Learning, Bellevue, WA, USA},
  Year                     = {2011},

  Owner                    = {kjartan},
  Timestamp                = {2014.06.25}
}

@Article{compression,
  Title                    = {Complete discrete 2-D Gabor transforms by neural networks for image analysis and compression},
  Author                   = {Daugman, J.G.},
  Journal                  = {Acoustics, Speech and Signal Processing, IEEE Transactions},
  Year                     = {1988},
  Pages                    = {1169-1179},
  Volume                   = {36},

  Owner                    = {kjartan},
  Timestamp                = {2014.06.25}
}

@InBook{convolutional,
  Title                    = {Biological Cybernetics},
  Author                   = {Kunihiko Fukushima},
  Chapter                  = {Neocognitron: A self-organizing neural network model for a mechanism of pattern recognition unaffected by shift in position},
  Pages                    = {193-202},
  Publisher                = {Springer},
  Year                     = {1980},
  Volume                   = {36},

  Journal                  = {Biological Cybernetics, Springer},
  Owner                    = {kjartan},
  Timestamp                = {2014.06.12}
}

@Article{ContrustiveDivergence,
  Title                    = {Training products of experts by minimizing contrastive divergence},
  Author                   = {Geoffrey Hinton},
  Journal                  = {Neural Computation},
  Year                     = {2002},
  Pages                    = {1771-1800},
  Volume                   = {14},

  Owner                    = {kjartan},
  Timestamp                = {2014.06.12}
}

@Article{numbercharts,
  Title                    = {Multi-digit Number Recognition from Street View Imagery using Deep Convolutional Neural Networks},
  Author                   = {Ian J. Goodfellow, Yaroslav Bulatov, Julian Ibarz, Sacha Arnoud, Vinay Shet},
  Journal                  = {arXiv:1312.6082},
  Year                     = {2013},

  Owner                    = {kjartan},
  Timestamp                = {2014.06.12}
}

@Article{trafficsign,
  Title                    = {Detection of Traffic Signs in Real-World Images: The German Traffic Sign Detection Benchmark},
  Author                   = {Sebastian Houben; Johannes Stallkamp; Jan Salmen; Marc Schlipsing; Christian Igel},
  Journal                  = {Neural Networks (IJCNN), The 2013 International Joint Conference},
  Year                     = {2013},

  Owner                    = {kjartan},
  Timestamp                = {2014.06.12}
}

@Article{GaussVsNeural,
  Title                    = {Comparing Gaussian Mixture and Neural Network Modelling Approaches to Automatic Language Identification of Speech.},
  Author                   = {J.P Willmore, R.c. Price and W.J.J Roberts},
  Journal                  = {Aust. Int. Conf. Speech Sci. \& Tech},
  Year                     = {2000},

  Owner                    = {kjartan},
  Timestamp                = {2014.06.25}
}

@Article{distbelief,
  Title                    = {Large Scale Distributed Deep Networks},
  Author                   = {Jeffrey Dean, Greg S. Corrado, Rajat Monga, Kai Chen, Matthieu Devin, Quoc V. Le, Mark Z. Mao, Marc’Aurelio Ranzato, Andrew Senior, Paul Tucker, Ke Yang, and Andrew Y. Ng},
  Journal                  = {NIPS 2012: Neural Information Processing Systems},
  Year                     = {2012},
  Pages                    = {1232-1240},

  Owner                    = {kjartan},
  Timestamp                = {2014.06.12}
}

@InProceedings{googleimage,
  Title                    = {Building high-level features using large scale unsupervised learning},
  Author                   = {Quoc Le and Marc'Aurelio Ranzato and Rajat Monga and Matthieu Devin and Kai Chen and Greg Corrado and Jeff Dean and Andrew Ng},
  Booktitle                = {Proceedings of the 29th International Conference on Machine Learning (ICML-12)},
  Year                     = {2012},

  Address                  = {New York, NY, USA},
  Editor                   = {John Langford and Joelle Pineau},
  Month                    = {July},
  Pages                    = {81--88},
  Publisher                = {Omnipress},
  Series                   = {ICML '12},

  ISBN                     = {978-1-4503-1285-1},
  Location                 = {Edinburgh, Scotland, GB}
}

@Article{ClassificationWithNeuralNetworks,
  Title                    = {Pattern classification using neural networks},
  Author                   = {Lippmann, R.P.},
  Journal                  = {Communications Magazine, IEEE},
  Year                     = {1989},
  Pages                    = {47-50},
  Volume                   = {27},

  Owner                    = {kjartan},
  Timestamp                = {2014.06.25}
}

@Book{PerceptronsMinsky,
  Title                    = {Perceptrons.},
  Author                   = {Minsky, Marvin; Seymour, Papert},
  Publisher                = {M.I.T. Press},
  Year                     = {1969},

  Owner                    = {kjartan},
  Timestamp                = {2014.06.12}
}

@Article{nvidia,
  Title                    = {Deep learning with COTS HPC systems},
  Author                   = {Adam Coates; Brody Huval; Tao Wang; David J. Wu: Andrew Y. Ng},
  Journal                  = {International Conference on Machine Learning, Atlanta, Georgia, USA.},
  Year                     = {2013},

  Owner                    = {kjartan},
  Timestamp                = {2014.06.12}
}

@Article{Perceptron,
  Title                    = {The perceptron: A probabilistic model for information storage and organization in the brain.},
  Author                   = {Frank Rosenblatt},
  Journal                  = {Psychological Review},
  Year                     = {1958},
  Pages                    = {386-408},
  Volume                   = {65},

  Owner                    = {kjartan},
  Timestamp                = {2014.06.12}
}

@InBook{BackpropagationEarly,
  Title                    = {Parallel distributed processing: explorations in the microstructure of cognition},
  Author                   = {Rumelhart, David E. ; Hinton, Geoffrey E. ; Williams, Ronald J.},
  Chapter                  = {Learning Internal Representations by Error Propagation},
  Pages                    = {318-362},
  Publisher                = {MIT Press},
  Year                     = {1985},

  Journal                  = {MIT Press},
  Owner                    = {kjartan},
  Timestamp                = {2014.06.12}
}

@Article{dandan,
  Title                    = {Deep Big Simple Neural Nets Excel on Handwritten Digit Recognition},
  Author                   = {Dan Claudiu Ciresan; Ueli Meier; Luca Maria Gambardella; Jürgen Schmidhuber},
  Journal                  = {Neural Computation},
  Year                     = {2010},
  Volume                   = {22},

  Owner                    = {kjartan},
  Timestamp                = {2014.06.12}
}

@InBook{rbm,
  Title                    = {Parallel distributed processing: explorations in the microstructure of cognition},
  Author                   = {Paul Smolensky},
  Chapter                  = {Information processing in dynamical systems: Foundations of harmony theory},
  Pages                    = {194-281},
  Publisher                = {MIT Press},
  Year                     = {1986},
  Volume                   = {1},

  Owner                    = {kjartan},
  Timestamp                = {2014.06.12}
}

@Article{FeatureDetection,
  Title                    = {Identifying important features for intrusion detection using support vector machines and neural networks},
  Author                   = {Sung, A.H.},
  Journal                  = {Applications and the Internet, 2003. Proceedings. 2003 Symposium},
  Year                     = {2003},
  Pages                    = {209-216},

  Owner                    = {kjartan},
  Timestamp                = {2014.06.25}
}

@Electronic{Qualcomm,
  Title                    = {Qualcomm to Build Neuro-Inspired Chips},
  Author                   = {David Talbot},
  Url                      = {http://www.technologyreview.com/news/520211/qualcomm-to-build-neuro-inspired-chips/},
  Year                     = {2013},

  Owner                    = {kjartan},
  Timestamp                = {2014.06.18}
}

@InBook{BackpropagationFast,
  Title                    = {Neural Computation},
  Author                   = {Geoffrey E. Hinton; Simon Osindero; Yee-Whye Teh},
  Chapter                  = {A Fast Learning Algorithm for Deep Belief Nets},
  Pages                    = {1527-1554},
  Publisher                = {MIT Press},
  Year                     = {2006},
  Volume                   = {18},

  Journal                  = {MIT Press},
  Owner                    = {kjartan},
  Timestamp                = {2014.06.12}
}

@Article{overfitting,
  Title                    = {Lessons in Neural Network Training: Overfitting May be Harder than Expected},
  Author                   = {Steve Lawrence; C. Lee Giles; Ah Chung Tsoi},
  Journal                  = {In Proceedings of the Fourteenth National Conference on Artificial Intelligence, AAAI-97},
  Year                     = {1997},

  Owner                    = {kjartan},
  Timestamp                = {2014.06.25}
}

@Article{streetview,
  Title                    = {Reading Digits in Natural Images with Unsupervised Feature Learning},
  Author                   = {Yuval Netzer, Tao Wang, Adam Coates, Alessandro Bissacco, Bo Wu, Andrew Y. Ng},
  Journal                  = {NIPS Workshop on Deep Learning and Unsupervised Feature Learning},
  Year                     = {2011},

  Owner                    = {kjartan},
  Timestamp                = {2014.06.12}
}

@Electronic{sigmoid,
  Title                    = {Sigmoidfunktionen in neuronalen Netzwerken},
  Month                    = {05},
  Organization             = {Wikipedia},
  Url                      = {http://de.wikipedia.org/wiki/Sigmoidfunktion},
  Year                     = {2014},

  Owner                    = {kjartan},
  Timestamp                = {2014.06.25}
}

@comment{jabref-meta: selector_publisher:}

@comment{jabref-meta: selector_author:}

@comment{jabref-meta: selector_journal:}

@comment{jabref-meta: selector_keywords:}

